/home/philm/actif/CoPreDex/stat.bib